<?xml version="1.0" encoding="UTF-8"?>
<records xmlns="http://www.openarchives.org/OAI/2.0/">
  <record>
    <header>
      <identifier>oai:mst.rochester.edu:134</identifier>
    </header>
    <metadata>
      <marc:record xmlns:marc="http://www.loc.gov/MARC21/slim" xmlns:xsi="http://www.w3.org/2001/XMLSchema-instance" xsi:schemaLocation="http://www.loc.gov/MARC21/slim http://www.loc.gov/standards/marcxml/schema/MARC21slim.xsd">
        <marc:leader>01276nam a22003250  45 A</marc:leader>
        <marc:controlfield tag="001">393842</marc:controlfield>
        <marc:controlfield tag="003">NRU</marc:controlfield>
        <marc:controlfield tag="008">791120s1934    nyua          000 0 eng  </marc:controlfield>
        <marc:datafield tag="010" ind1=" " ind2=" ">
          <marc:subfield code="a">   34005267 </marc:subfield>
        </marc:datafield>
        <marc:datafield tag="035" ind1=" " ind2=" ">
          <marc:subfield code="b">ocm</marc:subfield>
          <marc:subfield code="a">05719070</marc:subfield>
        </marc:datafield>
        <marc:datafield tag="035" ind1=" " ind2=" ">
          <marc:subfield code="9">00308884</marc:subfield>
        </marc:datafield>
        <marc:datafield tag="040" ind1=" " ind2=" ">
          <marc:subfield code="a">DLC</marc:subfield>
          <marc:subfield code="c">AFU</marc:subfield>
          <marc:subfield code="d">RRR</marc:subfield>
        </marc:datafield>
        <marc:datafield tag="049" ind1=" " ind2=" ">
          <marc:subfield code="a">RRRR</marc:subfield>
          <marc:subfield code="c">1,2</marc:subfield>
        </marc:datafield>
        <marc:datafield tag="050" ind1=" " ind2=" ">
          <marc:subfield code="a">HQ766</marc:subfield>
          <marc:subfield code="b">.K64</marc:subfield>
        </marc:datafield>
        <marc:datafield tag="090" ind1=" " ind2=" ">
          <marc:subfield code="a">HQ766</marc:subfield>
          <marc:subfield code="b">.K83b</marc:subfield>
        </marc:datafield>
        <marc:datafield tag="099" ind1=" " ind2=" ">
          <marc:subfield code="a">HQ766 .K83b </marc:subfield>
          <marc:subfield code="a">HQ 766 K83b</marc:subfield>
        </marc:datafield>
        <marc:datafield tag="100" ind1="1" ind2=" ">
          <marc:subfield code="a">Kopp, Marie Elizabeth,</marc:subfield>
          <marc:subfield code="d">1888-</marc:subfield>
        </marc:datafield>
        <marc:datafield tag="245" ind1="1" ind2="0">
          <marc:subfield code="a">Birth control in practice;</marc:subfield>
          <marc:subfield code="b">analysis of ten thousand case histories of the Birth Control Clinical Research Bureau;</marc:subfield>
          <marc:subfield code="c">text and tables by Marie E. Kopp, PH. D.; prepared under the supervision of a scientific advisory committee; with a foreword by Adolf Meyer, M.D.</marc:subfield>
        </marc:datafield>
        <marc:datafield tag="260" ind1=" " ind2=" ">
          <marc:subfield code="a">New York,</marc:subfield>
          <marc:subfield code="b">R.M. McBride &amp; Company,</marc:subfield>
          <marc:subfield code="c">1934.</marc:subfield>
        </marc:datafield>
        <marc:datafield tag="300" ind1=" " ind2=" ">
          <marc:subfield code="a">xxvi, 2  ., 31-290 p.</marc:subfield>
          <marc:subfield code="b">tables (part fold.)</marc:subfield>
          <marc:subfield code="c">23 cm.</marc:subfield>
        </marc:datafield>
        <marc:datafield tag="650" ind1=" " ind2="0">
          <marc:subfield code="a">Birth control</marc:subfield>
          <marc:subfield code="z">United States.</marc:subfield>
        </marc:datafield>
        <marc:datafield tag="650" ind1=" " ind2="0">
          <marc:subfield code="a">Women</marc:subfield>
          <marc:subfield code="x">Health and hygiene.</marc:subfield>
        </marc:datafield>
        <marc:datafield tag="650" ind1=" " ind2="0">
          <marc:subfield code="a">Contraception.</marc:subfield>
        </marc:datafield>
        <marc:datafield tag="700" ind1="1" ind2=" ">
          <marc:subfield code="a">Wilson, Edwin Bidwell,</marc:subfield>
          <marc:subfield code="d">1879-1964.</marc:subfield>
        </marc:datafield>
        <marc:datafield tag="710" ind1="2" ind2=" ">
          <marc:subfield code="a">Birth Control Clinical Research Bureau (New York, N.Y.)</marc:subfield>
        </marc:datafield>
        <marc:datafield tag="910" ind1=" " ind2=" ">
          <marc:subfield code="a">  951118        </marc:subfield>
        </marc:datafield>
        <marc:datafield tag="911" ind1=" " ind2=" ">
          <marc:subfield code="a">u</marc:subfield>
        </marc:datafield>
        <marc:datafield tag="966" ind1=" " ind2=" ">
          <marc:subfield code="l">Stack </marc:subfield>
          <marc:subfield code="m">RMON  </marc:subfield>
          <marc:subfield code="s">HQ766 .K83b</marc:subfield>
          <marc:subfield code="b">39087007237250</marc:subfield>
        </marc:datafield>
        <marc:datafield tag="966" ind1=" " ind2=" ">
          <marc:subfield code="l">Stack </marc:subfield>
          <marc:subfield code="m">RMON  </marc:subfield>
          <marc:subfield code="s">HQ766 .K83b</marc:subfield>
          <marc:subfield code="b">39087007237243</marc:subfield>
        </marc:datafield>
        <marc:datafield tag="966" ind1=" " ind2=" ">
          <marc:subfield code="l">Stack*</marc:subfield>
          <marc:subfield code="m">MMON  </marc:subfield>
          <marc:subfield code="s">HQ 766 K83b</marc:subfield>
          <marc:subfield code="b">39087004557585</marc:subfield>
        </marc:datafield>
      </marc:record>
    </metadata>
  </record>
</records>
